07700000         254268450000145                    0000190000045264859 FICTICIA LIMITADA             BANCO INTER                             13001202512491400003310701600                                                                     
07700331C2045046 254268450000145                    0000190000045264859 FICTICIA LIMITADA                                                     Rua Portico Guilhermina       02310               Ribeirao Preto      10010510SP                  
0770001300001A00000000000000000000000000000João Silva                                        30012025BRL000000000000001000000000150000                    05062023000000000150000                                        01          0          
0770001300001B 02100012345678900                                                                                               joao.silva@email.com                                                                               00000000000000
0770001300002A00000000000000000000000000000Maria Oliveira                                    30012025BRL000000000000001000000000230050                    05062023000000000230050                                        01          0          
0770001300002B 01100098765432100                                                                                               +5511987654321                                                                                     00000000000000
0770001300003A00000000000000000000000000000Empresa XYZ Ltda                                  30012025BRL000000000000001000000000500000                    05062023000000000500000                                        01          0          
0770001300003B 03212345678000199                                                                                               12345678000199                                                                                     00000000000000
0770001300004A00000000000000000000000000000Carlos Souza                                      30012025BRL000000000000001000000000120000                    04062023000000000120000                                        01          0          
0770001300004B 02100045678912300                                                                                               carlos.souza@email.com                                                                             00000000000000
0770001300005A00000000000000000000000000000Ana Costa                                         30012025BRL000000000000001000000000080075                    05062023000000000080075                                        01          0          
0770001300005B 01100032165498700                                                                                               +5511987654322                                                                                     00000000000000
0770001300006A00000000000000000000000000000Empresa ABC S.A.                                  30012025BRL000000000000001000000001000000                    05062023000000001000000                                        01          0          
0770001300006B 04298765432000101                                                                                               a1b2c3d4-e5f6-7890-1234-567890asdffe                                                               00000000000000
0770001300007A00000000000000000000000000000Pedro Alves                                       30012025BRL000000000000001000000000035000                    04062023000000000035000                                        01          0          
0770001300007B 02100065432198700                                                                                               pedro.alves@email.com                                                                              00000000000000
0770001300008A00000000000000000000000000000Fernanda Lima                                     30012025BRL000000000000001000000000450000                    04062023000000000450000                                        01          0          
0770001300008B 01100078912345600                                                                                               +5511987654323                                                                                     00000000000000
0770001300009A00000000000000000000000000000Empresa QWE Ltda                                  30012025BRL000000000000001000000000750000                    05062023000000000750000                                        01          0          
0770001300009B 03223456789000102                                                                                               23456789012                                                                                        00000000000000
0770001300010A00000000000000000000000000000Roberto Santos                                    30012025BRL000000000000001000000000020000                    05062023000000000020000                                        01          0          
0770001300010B 04100098712345600                                                                                               f9d8c7b6-a5e4-3210-9876-abcdef123456                                                               00000000000000
07700335         000022000000000003335125000000000000000000000000                                                                                                                                                                               
07799999         000001000024000001                                                                                                                                                                                                             
